@online{Forbes,
  author = {Daniel Newman},
  title = {Forbes article: Top 8 IoT trends of 2018},
  date = {2018},
  url = {https://www.forbes.com/sites/danielnewman/2017/12/19/the-top-8-iot-trends-for-2018/}
}

@online{Mckinsey,
  author = {Various},
  title = {Value of digitizing the physical world},
  date = {2018},
  url = {https://www.mckinsey.com/business-functions/digital-mckinsey/our-insights/the-internet-of-things-the-value-of-digitizing-the-physical-world}
}

@online{SunNews,
  author = {Various},
  title = {Sun News article: China; Largest Renewables Producer},
  date = {2018},
  url = {http://sunnewsonline.com/china-is-worlds-largest-renewable-energy-producer-consumer/}
}

@online{ESP8266,
  author = {Various},
  title = {ESP8266 Information Page},
  url = {http://esp8266.net/}
}

@online{XC-4444,
  author = {Various},
  title = {Jaycar XC-4444 Datasheet},
  url = {https://www.jaycar.com.au/medias/sys_master/images/9105858396190/XC4444-dataSheetMain.pdf},
  date = {2018}
}

@online{DHT11,
  author = {Various},
  title = {Jaycar Resources; DHT11 Datasheet},
  url = {https://www.jaycar.com.au/medias/sys_master/images/9091897786398/XC4520-dataSheetMain.zip}
}

@online{DotNetCore2,
  title = {.NETCore SDK Download Page},
  url = {https://www.microsoft.com/net/download}
}

@online{TSQL,
  title = {TSQL Server Download Page},
  url = {https://docs.microsoft.com/en-us/sql/t-sql/language-reference?view=sql-server-2017}
}

@online{AzureUptime,
  title = {Azure Uptime SLA},
  url = {https://azure.microsoft.com/en-au/support/legal/sla/app-service/v1_4/}
}

@online{UNO3,
  title = {Arduino UNO3 Store Page},
  url = {https://store.arduino.cc/usa/arduino-uno-rev3/}
}

@online{Firefox,
  title = {Firefox},
  url = {https://www.mozilla.org/en-US/firefox/}
}

@online{Chromium,
  title = {Chromium},
  url = {https://www.chromium.org/}
}

@online{RPI,
  title = {RaspberryPi Organisation Page},
  url = {https://www.raspberrypi.org/}
}

@online{OPI,
  title = {OrangePi Website},
  url = {http://www.orangepi.org/}
}

@online{SpectreAndMeltdown,
  title = {Spectre and Meltdown explaination page},
  url = {https://meltdownattack.com/}
}

@online{Unsplash,
  title = {Unsplash Website},
  url = {https://unsplash.com/}
}

@online{AJAX,
  title = {jQuery API calls with AJAX},
  url = {https://api.jquery.com/jQuery.ajax/}
}

@misc{PrivacyAttacks,
  author = {Prof Ljiljana Brankovic},
  institution = {University Of Newcastle},
  howpublished = {University Lecture},
  title = {COMP3260 Data Security}
}

@online{ForbesBernardmarr,
  url = {https://www.forbes.com/sites/bernardmarr/2017/11/06/the-future-of-the-transport-industry-iot-big-data-ai-and-autonomous-vehicles/#403857061137}
}

@online{ForbesAndrewwarnold,
  url = {https://www.forbes.com/sites/danielnewman/2017/12/19/the-top-8-iot-trends-for-2018/}
}

@online{GDPR,
  title = {Information page: GDPR},
  author = {Various},
  date = {2018},
  url = {https://www.eugdpr.org}
}

@online{GoBot,
  author = {Various},
  title = {The GoBot Framework},
  date = {2018},
  url = {https://gobot.io/}
}

@online{Golang,
  author = {Various},
  title = {The Golang Language},
  date = {2018},
  url = {https://golang.org/}
}

@online{GolangDHT111Issues,
  title = {Issues Implementing DHT-11 and DHT-22},
  author = {Various},
  date = {2018},
  url = {https://github.com/hybridgroup/gobot/issues/361}
}